@InProceedings{lncs117*137,
  author =       "P. Goral{\v{c}}{\'\i}k and A. Goral{\v{c}}{\'\i}kov{\'a} and V. Koubek and V. R{\"o}dl",
  title =        "Fast recognition of rings and lattices",
  pages =        "137--145",
  ISBN =         "3-540-10854-8",
  editor =       "Ferenc G{\'e}cseg",
  booktitle =    "Proceedings of the 1981 International {FCT}-Conference on Fundamentals of Computation Theory",
  address =      "Szeged, Hungary",
  month =        aug,
  year =         "1981",
  series =       "LNCS",
  volume =       "117",
  publisher =    "Springer",
}


@Article{RodTho95,
  author =       "Rodl and Thoma",
  title =        "The Complexity of Cover Graph Recognition for Some Varieties of Finite Lattices",
  journal =      "ORDER: Order: A Journal on the Theory of Ordered Sets and Its Applications",
  volume =       "12",
  year =         "1995",
}
